@article {metacyclic,
    AUTHOR = {Li, Pujin and Liu, Rong},
     TITLE = {Finite {$p$}-groups all of whose proper subgroups of class 2
              are metacyclic},
   JOURNAL = {Comm. Algebra},
  FJOURNAL = {Communications in Algebra},
    VOLUME = {49},
      YEAR = {2021},
    NUMBER = {4},
     PAGES = {1667--1675},
      ISSN = {0092-7872},
   MRCLASS = {20D15 (20F05)},
  MRNUMBER = {4227653},
MRREVIEWER = {Shuqin Dong},
       DOI = {10.1080/00927872.2020.1843048},
       URL = {https://doi.org/10.1080/00927872.2020.1843048},
}
	

@book {artinAlgebra,
    AUTHOR = {Artin, Michael},
     TITLE = {Algebra},
 PUBLISHER = {Prentice Hall, Inc., Englewood Cliffs, NJ},
      YEAR = {1991},
     PAGES = {xviii+618},
      ISBN = {0-13-004763-5},
   MRCLASS = {00A05 (11-01 12-01 13-01 15-01 16-01 20-01)},
  MRNUMBER = {1129886},
MRREVIEWER = {Gerald J. Janusz},
}


@article{cole_simple_1893,
	title = {Simple {Groups} as {Far} as {Order} 660},
	volume = {15},
	issn = {00029327},
	url = {https://www.jstor.org/stable/2369516?origin=crossref},
	doi = {10.2307/2369516},
	language = {en},
	number = {4},
	urldate = {2022-03-18},
	journal = {American Journal of Mathematics},
	author = {Cole, F. N.},
	month = oct,
	year = {1893},
	pages = {303},
	file = {Cole - 1893 - Simple Groups as Far as Order 660.pdf:/Users/yuxuansun/Zotero/storage/T649Z3EH/Cole - 1893 - Simple Groups as Far as Order 660.pdf:application/pdf},
}

@article{brown_why_2009,
	title = {Why is {PSL}(2,7) ≅ {GL}(3,2)?},
	volume = {116},
	issn = {00029890, 19300972},
	url = {https://www.tandfonline.com/doi/full/10.4169/193009709X460859},
	doi = {10.4169/193009709X460859},
	language = {en},
	number = {8},
	urldate = {2022-03-18},
	journal = {American Mathematical Monthly},
	author = {Brown, Ezra and Loehr, Nicholas},
	month = oct,
	year = {2009},
	pages = {727--732},
	file = {Brown and Loehr - 2009 - Why is PSL(2,7) ≅ GL(3,2).pdf:/Users/yuxuansun/Zotero/storage/TXHQ7YHM/Brown and Loehr - 2009 - Why is PSL(2,7) ≅ GL(3,2).pdf:application/pdf},
}

@article{monsky_frobenius_2011,
	title = {Frobenius' result on simple groups of order (p{\textasciicircum}3-p)/2},
	url = {http://arxiv.org/abs/1107.4130},
	language = {en},
	urldate = {2022-03-18},
	journal = {arXiv:1107.4130 [math]},
	author = {Monsky, Paul},
	month = jul,
	year = {2011},
	note = {arXiv: 1107.4130},
	keywords = {Mathematics - Group Theory, Mathematics - History and Overview},
	file = {Monsky - 2011 - Frobenius' result on simple groups of order (p^3-p.pdf:/Users/yuxuansun/Zotero/storage/4PS8HIKL/Monsky - 2011 - Frobenius' result on simple groups of order (p^3-p.pdf:application/pdf},
}

@article{yang_regular_2020,
	title = {Regular orbits of finite primitive solvable groups, {III}},
	url = {http://arxiv.org/abs/1612.05959},
	language = {en},
	urldate = {2022-03-18},
	journal = {arXiv:1612.05959 [math]},
	author = {Yang, Yong and Vasil'ev, Alexey and Vdovin, Evgeny},
	month = dec,
	year = {2020},
	note = {arXiv: 1612.05959},
	keywords = {20C15, Mathematics - Group Theory},
	file = {Yang et al. - 2020 - Regular orbits of finite primitive solvable groups.pdf:/Users/yuxuansun/Zotero/storage/F3RC97VU/Yang et al. - 2020 - Regular orbits of finite primitive solvable groups.pdf:application/pdf},
}

@article{qian_co-degrees_2007,
	title = {Co-degrees of irreducible characters in finite groups},
	volume = {312},
	issn = {00218693},
	url = {https://linkinghub.elsevier.com/retrieve/pii/S0021869306007009},
	doi = {10.1016/j.jalgebra.2006.11.001},
	language = {en},
	number = {2},
	urldate = {2022-03-18},
	journal = {Journal of Algebra},
	author = {Qian, Guohua and Wang, Yanming and Wei, Huaquan},
	month = jun,
	year = {2007},
	pages = {946--955},
	file = {Qian et al. - 2007 - Co-degrees of irreducible characters in finite gro.pdf:/Users/yuxuansun/Zotero/storage/XJ5LLL8Y/Qian et al. - 2007 - Co-degrees of irreducible characters in finite gro.pdf:application/pdf},
}

@article{qian_element_2021,
	title = {Element orders and character codegrees},
	volume = {53},
	issn = {0024-6093, 1469-2120},
	url = {https://onlinelibrary.wiley.com/doi/10.1112/blms.12462},
	doi = {10.1112/blms.12462},
	language = {en},
	number = {3},
	urldate = {2022-03-18},
	journal = {Bulletin of the London Mathematical Society},
	author = {Qian, Guohua},
	month = jun,
	year = {2021},
	pages = {820--824},
	file = {Qian - 2021 - Element orders and character codegrees.pdf:/Users/yuxuansun/Zotero/storage/7UIMZ8Z5/Qian - 2021 - Element orders and character codegrees.pdf:application/pdf},
}

@article{aschbacher_status_2004,
	title = {The {Status} of the {Classification} of the {Finite} {Simple} {Groups}},
	volume = {51},
	language = {en},
	number = {7},
	author = {Aschbacher, Michael},
	year = {2004},
	pages = {5},
	file = {Aschbacher - 2004 - The Status of the Classification of the Finite Sim.pdf:/Users/yuxuansun/Zotero/storage/DPVU56MW/Aschbacher - 2004 - The Status of the Classification of the Finite Sim.pdf:application/pdf},
}

@article{gelander_countable_2008,
	title = {Countable {Primitive} {Groups}},
	volume = {17},
	issn = {1016-443X, 1420-8970},
	url = {http://link.springer.com/10.1007/s00039-007-0630-y},
	doi = {10.1007/s00039-007-0630-y},
	language = {en},
	number = {5},
	urldate = {2022-03-18},
	journal = {Geometric and Functional Analysis},
	author = {Gelander, Tsachik and Glasner, Yair},
	month = jan,
	year = {2008},
	pages = {1479--1523},
	file = {Gelander and Glasner - 2008 - Countable Primitive Groups.pdf:/Users/yuxuansun/Zotero/storage/52A95YBL/Gelander and Glasner - 2008 - Countable Primitive Groups.pdf:application/pdf},
}

@article{fawcett_regular_2016,
	title = {Regular orbits of symmetric and alternating groups},
	volume = {458},
	issn = {00218693},
	url = {http://arxiv.org/abs/1812.05880},
	doi = {10.1016/j.jalgebra.2016.02.018},
	language = {en},
	urldate = {2022-03-18},
	journal = {Journal of Algebra},
	author = {Fawcett, Joanna B. and O'Brien, E. A. and Saxl, Jan},
	month = jul,
	year = {2016},
	note = {arXiv: 1812.05880},
	keywords = {Mathematics - Group Theory, Mathematics - Representation Theory},
	pages = {21--52},
	file = {Fawcett et al. - 2016 - Regular orbits of symmetric and alternating groups.pdf:/Users/yuxuansun/Zotero/storage/9E8ISUHX/Fawcett et al. - 2016 - Regular orbits of symmetric and alternating groups.pdf:application/pdf},
}

