
@book{fulton_representation_2004,
	address = {New York, NY},
	series = {Graduate {Texts} in {Mathematics}},
	title = {Representation {Theory}},
	volume = {129},
	isbn = {978-3-540-00539-1 978-1-4612-0979-9},
	url = {http://link.springer.com/10.1007/978-1-4612-0979-9},
	language = {en},
	urldate = {2022-04-18},
	publisher = {Springer New York},
	author = {Fulton, William and Harris, Joe},
	year = {2004},
	doi = {10.1007/978-1-4612-0979-9},
	file = {Fulton and Harris - 2004 - Representation Theory.pdf:/Users/yuxuansun/Zotero/storage/XTGKA6ZM/Fulton and Harris - 2004 - Representation Theory.pdf:application/pdf},
}


@book {Humph,
    AUTHOR = {Humphreys, James E.},
     TITLE = {Introduction to {L}ie algebras and representation theory},
    SERIES = {Graduate Texts in Mathematics, Vol. 9},
 PUBLISHER = {Springer-Verlag, New York-Berlin},
      YEAR = {1972},
     PAGES = {xii+169},
   MRCLASS = {17BXX},
  MRNUMBER = {0323842},
MRREVIEWER = {F. W. Lemire},
}


@article{seitz-mcleese_classifying_nodate,
	title = {{CLASSIFYING} {THE} {REPRESENTATIONS} {OF} sl2({C}).},
	language = {en},
	author = {Seitz-Mcleese, Miranda},
	pages = {19},
	file = {Seitz-Mcleese - CLASSIFYING THE REPRESENTATIONS OF sl2(C)..pdf:/Users/yuxuansun/Zotero/storage/GUKLD5AH/Seitz-Mcleese - CLASSIFYING THE REPRESENTATIONS OF sl2(C)..pdf:application/pdf},
}

@article{douglass_steinberg_2008,
	title = {The {Steinberg} {Variety} and {Representations} of {Reductive} {Groups}},
	url = {http://arxiv.org/abs/0802.0764},
	language = {en},
	urldate = {2022-04-12},
	journal = {arXiv:0802.0764 [math]},
	author = {Douglass, J. Matthew and Roehrle, Gerhard},
	month = oct,
	year = {2008},
	note = {arXiv: 0802.0764},
	keywords = {14F99, 20G99 (Secondary), 22E46, 19L47, 20G05 (Primary), Mathematics - K-Theory and Homology, Mathematics - Representation Theory},
	file = {Douglass and Roehrle - 2008 - The Steinberg Variety and Representations of Reduc.pdf:/Users/yuxuansun/Zotero/storage/TIZJM3AX/Douglass and Roehrle - 2008 - The Steinberg Variety and Representations of Reduc.pdf:application/pdf},
}

