@book {Di1988,
    AUTHOR = {Diaconis, Persi},
     TITLE = {Group representations in probability and statistics},
    SERIES = {Institute of Mathematical Statistics Lecture Notes---Monograph
              Series, 11},
 PUBLISHER = {Institute of Mathematical Statistics, Hayward, CA},
      YEAR = {1988},
     PAGES = {vi+198},
      ISBN = {0-940600-14-5},
   MRCLASS = {60-02 (20C99 62-02)},
  MRNUMBER = {964069 (90a:60001)},
MRREVIEWER = {Philippe Bougerol},
}

@article {DiGr1985,
    AUTHOR = {Diaconis, Persi and Graham, R. L.},
     TITLE = {The {R}adon transform on {$Z^k_2$}},
   JOURNAL = {Pacific J. Math.},
  FJOURNAL = {Pacific Journal of Mathematics},
    VOLUME = {118},
      YEAR = {1985},
    NUMBER = {2},
     PAGES = {323--345},
      ISSN = {0030-8730},
     CODEN = {PJMAAI},
   MRCLASS = {44A15 (92A07)},
  MRNUMBER = {789174 (87e:44004)},
MRREVIEWER = {Ulrich Oppel},
       URL = {http://projecteuclid.org/euclid.pjm/1102706442},
}

@article {MR871831,
    AUTHOR = {Chihara, Laura},
     TITLE = {On the zeros of the {A}skey-{W}ilson polynomials, with
              applications to coding theory},
   JOURNAL = {SIAM J. Math. Anal.},
  FJOURNAL = {SIAM Journal on Mathematical Analysis},
    VOLUME = {18},
      YEAR = {1987},
    NUMBER = {1},
     PAGES = {191--207},
      ISSN = {0036-1410},
     CODEN = {SJMAAH},
   MRCLASS = {33A65 (05A30 42C05 94B60)},
  MRNUMBER = {871831 (88b:33018)},
MRREVIEWER = {Mourad E. H. Ismail},
       DOI = {10.1137/0518015},
       URL = {http://dx.doi.org/10.1137/0518015},
}


@online{cg,
	AUTHOR = {Greene, Curtis},
	TITLE= {How to write a paper in {\TeX}},
	URL = {http://ww3.haverford.edu/mathematics/tex/papershell2010.pdf},
	URLDATE = {2019-01-19},
	MONTH = sep,
	YEAR = {2010},
}

@online{em,
	AUTHOR = {Mili\'cevi\'c, Elizabeth},
	TITLE= {A Crash Course in {\LaTeX}},
	URL = {http://ww3.haverford.edu/mathematics/tex/IntroTeX2012.pdf},
	URLDATE = {2019-01-19},
	YEAR = {2015},
}

@online{wikibook,
	title = {{LaTeX}},
	url = {http://en.wikibooks.org/wiki/LaTeX},
	urldate = {2019-01-16},
	month = jan,
	year = {2015},
}

@online{zotero,
	title = {Zotero},
	url = {https://zotero.org},
	abstract = {Zotero [zoh-TAIR-oh] is a free, easy-to-use tool to help you collect, organize, cite, and share your research sources.},
	urldate = {2019-01-16},
}

@article {MR1531724,
    AUTHOR = {Allendoerfer, Carl B.},
     TITLE = {The {N}arrow {M}athematician},
   JOURNAL = {Amer. Math. Monthly},
  FJOURNAL = {The American Mathematical Monthly},
    VOLUME = {69},
      YEAR = {1962},
    NUMBER = {6},
     PAGES = {461--469},
      ISSN = {0002-9890},
     CODEN = {AMMYAE},
   MRCLASS = {Contributed Item},
  MRNUMBER = {1531724},
       DOI = {10.2307/2311184},
       URL = {http://dx.doi.org/10.2307/2311184},
}

@online{tabu,
    AUTHOR = {Trettin, M.},
     TITLE = {An essential guide to LATEX 2$\varepsilon$ usage: obsolete commands
and packages},
     url={http://www.ctan.org/pkg/l2tabu-english},
      VERSION={1.8.5.7},
    urldate={2019-01-16},
}


